@book{zigbee,
	author = {Rainer Konrad, Markus Krausse},
	title = {Drahtlose ZigBee Netzwerke - Ein Kompendium},
	publisher = {Springer Vieweg},
	year = {2014}
}

@misc{tables,
	author = {WikiBooks},
	title = {{LaTeX/Tables}},
	howpublished = "\url{https://en.wikibooks.org/wiki/LaTeX/Tables}",
	note = "[accessed 27.04.18]"
}

@misc{sharelatex,
	author = {ShareLaTeX},
	title = {{Documentation}},
	howpublished = "\url{https://www.sharelatex.com/learn/Main_Page}",
	note = "[accessed 27.04.18]"
}

@manual{ccs_datasheet,
	title = {Datasheet CCS811},
	date = {2016-12-23},
	url = {https://cdn.sparkfun.com/assets/learn_tutorials/1/4/3/CCS811_Datasheet-DS000459.pdf}
}
