@book{zigbee,
	author = {Rainer Konrad, Markus Krausse},
	title = {Drahtlose ZigBee Netzwerke - Ein Kompendium},
	publisher = {Springer Vieweg},
	year = {2014}
}

@misc{tables,
	author = {WikiBooks},
	title = {{LaTeX/Tables}},
	howpublished = "\url{https://en.wikibooks.org/wiki/LaTeX/Tables}",
	note = "[accessed 27.04.18]"
}

@misc{sharelatex,
	author = {ShareLaTeX},
	title = {{Documentation}},
	howpublished = "\url{https://www.sharelatex.com/learn/Main_Page}",
	note = "[accessed 27.04.18]"
}
@online{influxdb_sql_db,
	title = {Compare InfluxDB to SQL databases},
	date = {26.11.2021},
	url = {https://docs.influxdata.com/influxdb/v1.8/concepts/crosswalk/}
}

